@phdthesis{akawaiocaesar2003,
    author = {Caesar-Fox, Desrey Clementine},
    institution = {Rice University},
    keywords = {kapon,grammar},
    title = {Zauro'nödok Agawayo Yau: Variants of Akawaio spoken at Waramadong},
    year = {2003}
}

@unpublished{caceres2020flex,
    author = {Cáceres Arandia, Natalia},
    note = {Database in the author's possession.},
    title = {Yawarana FLEx project with partially parsed and glossed texts and corresponding morpheme lexicon from Natalia Cáceres Arandia's own fieldwork.},
    year = {2020}
}

@misc{caceresDByekwana,
    author = {Cáceres Arandia, Natalia},
    title = {Ye'kwana toolbox database},
    year = {2021}
}

@book{derbyshire1965textos,
    author = {Derbyshire, Desmond C.},
    address = {Belém},
    journal = {MPEG, Publicações Avulsas},
    keywords = {hixka},
    publisher = {MPEG},
    series = {Publicações Avulsas},
    title = {Textos Hixkaryâna},
    volume = {3},
    year = {1965}
}

@incollection{gildea2000vpgenesis,
    author = {Gildea, Spike},
    editor = {Gildea, Spike},
    address = {Amsterdam},
    booktitle = {Reconstructing Grammar},
    keywords = {proto-cariban},
    pages = {65–106},
    publisher = {John Benjamins},
    series = {Typological Studies in Language},
    title = {On the Genesis of the Verb Phrase in Cariban Languages: Diversity through Reanalysis},
    volume = {43},
    year = {2000}
}

@book{hixkaryanaderby1985,
    author = {Derbyshire, Desmond C.},
    address = {Dallas},
    keywords = {hixka,grammar},
    publisher = {Summer Institute of Linguistics},
    title = {Hixkaryana and Linguistic Typology},
    year = {1985}
}

@misc{meiraDBhixka,
    author = {Meira, Sérgio},
    title = {Hixkaryána shoebox database},
    year = {2022}
}

@misc{meiraDBtrio,
    author = {Meira, Sérgio},
    title = {Tiriyó shoebox database},
    year = {2022}
}

@inproceedings{payne1993nonconfigurationality,
    author = {Payne, Doris L.},
    editor = {Peterson, David A.},
    address = {Berkeley},
    booktitle = {Proceedings of the Nineteenth Annual Meeting of the Berkeley Linguistics Society: Special Session on Syntactic Issues in Native American Languages},
    keywords = {panare},
    pages = {121–138},
    publisher = {Braun-Brumfield},
    title = {Nonconfigurationality and discontinuous expressions in Panare},
    year = {1993}
}

@article{payne1994ovs,
    author = {Payne, Doris L.},
    journal = {Text: Interdisciplinary Journal for the Study of Discourse},
    number = {4},
    pages = {581–610},
    title = {OVSu versus VSuO in Panare (Cariban): Do syntax and discourse match?},
    volume = {14},
    year = {1994}
}
